<record xmlns='http://www.loc.gov/MARC21/slim'><leader>02596ntm a2200349Ii 4500</leader><controlfield tag='001'>991058301965506011</controlfield><controlfield tag='005'>20220506122720.0</controlfield><controlfield tag='008'>220506s1561    it            000 0 eng d</controlfield><datafield ind1=' ' ind2=' ' tag='035'><subfield code='a'>(OCoLC)1314385783h</subfield></datafield><datafield ind1=' ' ind2=' ' tag='035'><subfield code='a'>(OCoLC)on1314385783h</subfield></datafield><datafield ind1=' ' ind2=' ' tag='040'><subfield code='a'>HRH</subfield><subfield code='b'>eng</subfield><subfield code='e'>dcrmmss</subfield><subfield code='c'>HRH</subfield></datafield><datafield ind1=' ' ind2=' ' tag='041'><subfield code='a'>ita</subfield></datafield><datafield ind1=' ' ind2=' ' tag='049'><subfield code='a'>HRHH</subfield></datafield><datafield ind1=' ' ind2='9' tag='099'><subfield code='a'>MS 3327, Container 60</subfield></datafield><datafield ind1='0' ind2='0' tag='245'><subfield code='a'>Astronomica :</subfield><subfield code='k'>manuscript.</subfield></datafield><datafield ind1=' ' ind2='0' tag='264'><subfield code='a'>Italy ;</subfield><subfield code='c'>1561</subfield></datafield><datafield ind1=' ' ind2=' ' tag='300'><subfield code='a'>81 leaves :</subfield><subfield code='b'>paper,</subfield><subfield code='c'>27 x 21 cm</subfield></datafield><datafield ind1=' ' ind2=' ' tag='336'><subfield code='a'>text</subfield><subfield code='b'>txt</subfield><subfield code='2'>rdacontent</subfield></datafield><datafield ind1=' ' ind2=' ' tag='337'><subfield code='a'>unmediated</subfield><subfield code='b'>n</subfield><subfield code='2'>rdamedia</subfield></datafield><datafield ind1=' ' ind2=' ' tag='338'><subfield code='a'>volume</subfield><subfield code='b'>nc</subfield><subfield code='2'>rdacarrier</subfield></datafield><datafield ind1=' ' ind2=' ' tag='500'><subfield code='a'>Title devised by cataloger.</subfield></datafield><datafield ind1=' ' ind2=' ' tag='506'><subfield code='a'>Unrestricted in reading room, but coach user: tight binding and fragile corroded inks, open only to 90°, use book supports; available for classroom use in exhibit case only.</subfield></datafield><datafield ind1=' ' ind2=' ' tag='520'><subfield code='a'>Computistical and astrological diagrams in roundels with explanatory text, designed in part to calculate dates for movable feasts and Novara local feasts.</subfield></datafield><datafield ind1=' ' ind2=' ' tag='500'><subfield code='a'>In a dated colophon the author names Gianbatista Canello di Piacenza, NiccoloÌò Tartaglia (d. 1557) of Brescia, and others as his sources. Folios 68v-72r, 73v, and 77r are partially erased and palimpsested.</subfield></datafield><datafield ind1=' ' ind2=' ' tag='590'><subfield code='a'>MS 3327, Container 60: Early shelfmarks or booksellers&apos; markings on pastedowns include no. 56 F. 4304 and 948 * 25; described by Johan Gröf in Leipzig, 1921; round bookplate of Walter Emile van Wijk on inside front cover. Binding (Italy 16th c?): Full brown tanned goatskin over paper boards. Pulled-over caps, tight back over sewing supports, cut-solid edges gilded, gauffered. Gold-tooled frame and motifs, blind-tooled concentric frames, front and back covers; blind tooling and gold tooling on spine; no title. Evidence of four mixed color (blue/pink?) paired ties, centered head and tail, plus two at fore edges.  Sewn endbands on alum-tawed thongs, (white thread), back bead. Sewn on three alum-tawed thongs laced on boards; paper manuscript waste spine lining with extensions. Endleaf components: front  two tipped folds off-white handmade laid paper (same as text?), making pastedown, three free endleaves; back tipped fold off-white handmade laid paper different from text block, making pastedown, free endleaf, and text blank.</subfield></datafield><datafield ind1='1' ind2=' ' tag='700'><subfield code='a'>di Piacenza, Gianbatista Canello.</subfield></datafield><datafield ind1='1' ind2=' ' tag='700'><subfield code='a'>Tartaglia, Niccolò,</subfield><subfield code='d'>-1557.</subfield></datafield><datafield ind1='1' ind2=' ' tag='790'><subfield code='a'>Gröf, Johan,</subfield><subfield code='e'>former owner.</subfield></datafield><datafield ind1='1' ind2=' ' tag='790'><subfield code='a'>Wijk, W. E. van (Walter Emile), 1887-,</subfield><subfield code='e'>former owner.</subfield></datafield><datafield ind1='2' ind2=' ' tag='791'><subfield code='a'>Medieval and Early Modern Manuscripts Collection.</subfield></datafield><datafield ind1=' ' ind2=' ' tag='752'><subfield code='a'>Italy,</subfield><subfield code='e'>producation place.</subfield></datafield><datafield ind1=' ' ind2=' ' tag='994'><subfield code='a'>C0</subfield><subfield code='b'>HRH</subfield></datafield></record>
